@misc{ma2024era1bitllmslarge,
  title={The Era of 1-bit LLMs: All Large Language Models are in 1.58 Bits}, 
  author={Shuming Ma and Hongyu Wang and Lingxiao Ma and Lei Wang and Wenhui Wang and Shaohan Huang and Li Dong and Ruiping Wang and Jilong Xue and Furu Wei},
  year={2024},
  eprint={2402.17764},
  archivePrefix={arXiv},
  primaryClass={cs.CL},
  url={https://arxiv.org/abs/2402.17764}, 
}

@misc{baydin2022gradientsbackpropagation,
  title={Gradients without Backpropagation}, 
  author={Atılım Güneş Baydin and Barak A. Pearlmutter and Don Syme and Frank Wood and Philip Torr},
  year={2022},
  eprint={2202.08587},
  archivePrefix={arXiv},
  primaryClass={cs.LG},
  url={https://arxiv.org/abs/2202.08587}, 
}

@ARTICLE{muller2019,
  author={Muller, Olivier and Prost-Boucle, Adrien and Bourge, Alban and Pétrot, Frédéric},
  journal={IEEE Transactions on Very Large Scale Integration (VLSI) Systems}, 
  title={Efficient Decompression of Binary Encoded Balanced Ternary Sequences}, 
  year={2019},
  volume={27},
  number={8},
  pages={1962-1966},
  keywords={Encoding;Logic gates;Libraries;Standards;Very large scale integration;Search problems;Optimization;Boolean functions;circuit optimization;data compression;MOS integrated circuits},
  doi={10.1109/TVLSI.2019.2906678}}

@article{Langer_2020,
   title={Distributed Training of Deep Learning Models: A Taxonomic Perspective},
   volume={31},
   ISSN={2161-9883},
   url={http://dx.doi.org/10.1109/TPDS.2020.3003307},
   DOI={10.1109/tpds.2020.3003307},
   number={12},
   journal={IEEE Transactions on Parallel and Distributed Systems},
   publisher={Institute of Electrical and Electronics Engineers (IEEE)},
   author={Langer, Matthias and He, Zhen and Rahayu, Wenny and Xue, Yanbo},
   year={2020},
   month=dec, pages={2802–2818} }

@article{DBLP:journals/corr/WenXYWWCL17,
  author       = {Wei Wen and
                  Cong Xu and
                  Feng Yan and
                  Chunpeng Wu and
                  Yandan Wang and
                  Yiran Chen and
                  Hai Li},
  title        = {TernGrad: Ternary Gradients to Reduce Communication in Distributed
                  Deep Learning},
  journal      = {CoRR},
  volume       = {abs/1705.07878},
  year         = {2017},
  url          = {http://arxiv.org/abs/1705.07878},
  eprinttype    = {arXiv},
  eprint       = {1705.07878},
  timestamp    = {Mon, 04 Jul 2022 14:19:30 +0200},
  biburl       = {https://dblp.org/rec/journals/corr/WenXYWWCL17.bib},
  bibsource    = {dblp computer science bibliography, https://dblp.org}
}